@article{efron1979,
  title={Bootstrap methods: Another look at the jackknife},
  author={Efron, B.},
  journal={The Annals of Statistics},
  volume={7},
  number={1},
  pages={1-26},
  year={1979}
}

@article{newcomb1878,
  title={Research on the Motion of the Moon, Part I},
  author={Newcomb, S.},
  volume={1},
  url={https://archive.org/details/cihm_19050},
  Urlaccessdate={jun 15},
  year={1878}
}

@inproceedings{piresandbranco1996,
  title={Comparação de duas médias: um velho problema revisitado},
  author={Pires, A.~M. and Branco, J.~A.},
  journal={IV Congresso Anual da Sociedade Portuguesa de Estatística},
  number={1},
  year={1996}
}

@book{surowiecki2005wisdom,
  title={The wisdom of crowds},
  author={Surowiecki, James},
  year={2005},
  publisher={Anchor}
}

@article{galton1907vox,
  title={Vox populi (The wisdom of crowds)},
  author={Galton, Francis},
  journal={Nature},
  volume={75},
  number={7},
  pages={450--451},
  year={1907}
}

@article{lorenz2011social,
  title={How social influence can undermine the wisdom of crowd effect},
  author={Lorenz, Jan and Rauhut, Heiko and Schweitzer, Frank and Helbing, Dirk},
  journal={Proceedings of the National Academy of Sciences},
  volume={108},
  number={22},
  pages={9020--9025},
  year={2011},
  publisher={National Acad Sciences}
}

@misc{shapiroWilk,
title={Teste de Shapiro-Wilk},
url={http://www.portalaction.com.br/inferencia/64-teste-de-shapiro-wilk},
journal={Portalaction.com.br},
year={2017}
}

@misc{testetpareado,
title={Teste t pareado},
url={http://www.portalaction.com.br/inferencia/58-teste-t-pareado},
journal={Portalaction.com.br},
Urlaccessdate = {20 jun.},
year={2017}
}

@misc{campeloEC01,
title={Estudo de caso 01},
author={Campelo, Felipe},
url={https://goo.gl/b3IeAn},
journal={Arquivo da disciplina Design and Analisys of Experiments},
year={2017}
}
@book{montgomery1984design,
  title={Design and analysis of experiments},
  author={Montgomery, Douglas C and Montgomery, Douglas C},
  volume={7},
  year={1984},
  publisher={Wiley New York}
}
@misc{wired,
title={Turns Out the Internet Is Bad at Guessing How Many Coins Are in a Jar},
author={Steiner, E. B.},
url={https://www.wired.com/2015/01/coin-jar-crowd-wisdom-experiment-results/},
journal={Wired Magazine},
year={2015}
}

@book{MontgomeryRunger2011,
  title = {Applied Statistics and Probability for Engineers},
  author = {Montgomery, D. C. and Runger, G. C.}, 
  year = {2011},
  publisher = {John Wiley and Sons},
  volume={5},
}

@Misc{Campelo2015-01,
title={Lecture Notes on Design and Analysis of Experiments},
author={Felipe Campelo},
howPublished={\url{https://github.com/fcampelo/Design-and-Analysis-of-Experiments}},
year={2015},
note={Version 2.11, Chapter 7; Creative Commons BY-NC-SA 4.0.},
}

@article{Walker2011UnderstandingEA,
  title={Understanding equivalence and noninferiority testing.},
  author={Esteban Walker and Amy S Nowacki},
  journal={Journal of general internal medicine},
  year={2011},
  volume={26 2},
  pages={192-6}
}
